<?xml version="1.0" encoding="UTF-8"?><collection xmlns="http://www.loc.gov/MARC21/slim"><record><leader>00411nam--2200133-i-4500</leader><controlfield tag="001">000019865</controlfield><controlfield tag="002">20161230</controlfield><controlfield tag="005">20161230201033</controlfield><controlfield tag="008">060222s1000------------r-----000-0-eng-d</controlfield><datafield ind1=" " ind2=" " tag="080"><subfield code="a">621.9(076.1)(075.8)</subfield></datafield><datafield ind1=" " ind2=" " tag="100"><subfield code="a">Draghici, Ion(Coordonator)</subfield></datafield><datafield ind1=" " ind2=" " tag="245"><subfield code="a">Organe de masini. probleme de:aurel jula,emil chisu,radulescu constantin</subfield></datafield><datafield ind1=" " ind2=" " tag="260"><subfield code="a">Bucuresti, Editura Didactica Si Pedagogica, 1980. 549 P</subfield></datafield><datafield ind1=" " ind2=" " tag="852"><subfield code="a">47378</subfield></datafield></record></collection>